<?xml version="1.0" encoding="UTF-8"?><collection xmlns="http://www.loc.gov/MARC21/slim"><record><leader>00456nam--2200169-i-4500</leader><controlfield tag="001">000007188</controlfield><controlfield tag="002">20161230</controlfield><controlfield tag="005">20161230201027</controlfield><controlfield tag="008">060222s1000------------r-----000-0-eng-d</controlfield><datafield ind1=" " ind2=" " tag="040"><subfield code="a">IFIN-HH</subfield></datafield><datafield ind1=" " ind2=" " tag="080"><subfield code="a">512.834.519.4</subfield></datafield><datafield ind1="1" ind2=" " tag="100"><subfield code="a">Higman, Bryan</subfield></datafield><datafield ind1="1" ind2="0" tag="245"><subfield code="a">Applied group - theoretic and matrix methods</subfield><subfield code="c">Bryan higman</subfield></datafield><datafield ind1=" " ind2=" " tag="260"><subfield code="a">Oxford</subfield><subfield code="b">Clarendon Press</subfield><subfield code="c">1955</subfield></datafield><datafield ind1=" " ind2=" " tag="300"><subfield code="a">XIV + 454 P.CU FIG</subfield></datafield><datafield ind1=" " ind2=" " tag="852"><subfield code="a">11764</subfield><subfield code="c">519.4</subfield></datafield><datafield ind1=" " ind2=" " tag="CAT"><subfield code="a">Sys</subfield><subfield code="c">20130809</subfield><subfield code="h">120245</subfield></datafield></record></collection>